@misc{ITreeUI,
	Author = {{ITree UI}},
	Date-Added = {2014-02-20 17:05:08 +0000},
	Date-Modified = {2014-02-20 17:06:08 +0000},
	Howpublished = {\url{http://132.187.15.40:8080/EuraHS-Dialog/ITreeDialog?src=ITree&dialogID=arbeitsrecht2ANDITree&storageMethod=WUMP}},
	Note = {Last accessed: 2014-02-20},
	Title = {{ITree UI}},
	Year = 2013}

@book{Nielsen,
	Address = {San Francisco, CA, USA},
	Author = {Nielsen, Jakob},
	Date-Added = {2014-02-20 16:54:15 +0000},
	Date-Modified = {2014-02-20 16:54:23 +0000},
	Isbn = {0125184050},
	Publisher = {Morgan Kaufmann Publishers Inc.},
	Title = {Usability Engineering},
	Year = {1993}}
